<record><leader>00000cas a2200000 a 4500</leader><controlfield tag="001">9712537</controlfield><controlfield tag="008">830718d18681901miudn ne      0    0eng  </controlfield><datafield ind1=" " ind2=" " tag="010"><subfield code="a">sn 83016313 </subfield></datafield><datafield ind1=" " ind2=" " tag="040"><subfield code="a">DLC</subfield><subfield code="b">eng</subfield><subfield code="c">DLC</subfield><subfield code="d">NPU</subfield><subfield code="d">NPT</subfield><subfield code="d">NPX</subfield><subfield code="d">YOX</subfield><subfield code="d">MHN</subfield><subfield code="d">DLC</subfield><subfield code="d">OCL</subfield><subfield code="d">OCLCQ</subfield><subfield code="d">MHN</subfield><subfield code="d">KRTAS</subfield><subfield code="d">OCLCQ</subfield><subfield code="d">OCLCF</subfield></datafield><datafield ind1="1" ind2=" " tag="029"><subfield code="a">AU@</subfield><subfield code="b">000025836386</subfield></datafield><datafield ind1=" " ind2=" " tag="042"><subfield code="a">pcc</subfield></datafield><datafield ind1=" " ind2=" " tag="043"><subfield code="a">n-us-mi</subfield></datafield><datafield ind1="0" ind2="0" tag="050"><subfield code="a">Newspaper 8401-X</subfield></datafield><datafield ind1="0" ind2="0" tag="245"><subfield code="a">Kalamazoo daily telegraph.</subfield></datafield><datafield ind1="1" ind2="3" tag="246"><subfield code="a">Daily telegraph</subfield></datafield><datafield ind1="3" ind2=" " tag="246"><subfield code="a">Kalamazoo Saturday telegraph</subfield></datafield><datafield ind1=" " ind2=" " tag="260"><subfield code="a">Kalamazoo, Mich. :</subfield><subfield code="b">Stone Bros.</subfield></datafield><datafield ind1=" " ind2=" " tag="300"><subfield code="a">v.</subfield></datafield><datafield ind1=" " ind2=" " tag="310"><subfield code="a">Daily (except Sunday)</subfield></datafield><datafield ind1="0" ind2=" " tag="362"><subfield code="a">Vol. 1, no. 1 (Apr. 6, 1868)-v. 23, no. 30 (Sept. 28, 1891) ; 23rd yr. (Sept 29, 1891)-33rd yr. (Apr. 27, 1901).</subfield></datafield><datafield ind1=" " ind2=" " tag="500"><subfield code="a">Sat. ed. called: Kalamazoo Saturday telegraph.</subfield></datafield><datafield ind1=" " ind2=" " tag="500"><subfield code="a">Republican. Cf. Ayer, 1901.</subfield></datafield><datafield ind1=" " ind2=" " tag="500"><subfield code="a">Publishers: Stone Bros., &lt;1868&gt;; Kalamazoo Telegraph Co., &lt;1874&gt;; Kalamazoo Pub. Co., &lt;1876&gt;; Kalamazoo Telegraph Co., &lt;1889&gt;.</subfield></datafield><datafield ind1=" " ind2=" " tag="515"><subfield code="a">Whole numbering designation added: &lt;Vol. 2, no. 2 (Apr. 7, 1869) = whole no. 312&gt;. Some issues lack year designation.</subfield></datafield><datafield ind1=" " ind2=" " tag="515"><subfield code="a">Issue called: Memorial number, Aug. 8, 1885.</subfield></datafield><datafield ind1=" " ind2=" " tag="530"><subfield code="a">Also issued on microfilm.</subfield></datafield><datafield ind1=" " ind2=" " tag="580"><subfield code="a">Weekly ed.: Kalamazoo telegraph (Kalamazoo, Mich. : 1857), then: Kalamazoo weekly telegraph.</subfield></datafield><datafield ind1=" " ind2=" " tag="580"><subfield code="a">Semiweekly ed.: Kalamazoo semi-weekly telegraph.</subfield></datafield><datafield ind1=" " ind2="0" tag="651"><subfield code="a">Kalamazoo (Mich.)</subfield><subfield code="v">Newspapers.</subfield></datafield><datafield ind1=" " ind2="0" tag="651"><subfield code="a">Kalamazoo County (Mich.)</subfield><subfield code="v">Newspapers.</subfield></datafield><datafield ind1=" " ind2="7" tag="655"><subfield code="a">Newspapers.</subfield><subfield code="2">fast</subfield><subfield code="0">(OCoLC)fst01423814</subfield></datafield><datafield ind1=" " ind2="7" tag="651"><subfield code="a">Michigan</subfield><subfield code="z">Kalamazoo.</subfield><subfield code="2">fast</subfield><subfield code="0">(OCoLC)fst01204469</subfield></datafield><datafield ind1=" " ind2="7" tag="651"><subfield code="a">Michigan</subfield><subfield code="z">Kalamazoo County.</subfield><subfield code="2">fast</subfield><subfield code="0">(OCoLC)fst01204722</subfield></datafield><datafield ind1=" " ind2=" " tag="752"><subfield code="a">United States</subfield><subfield code="b">Michigan</subfield><subfield code="c">Kalamazoo</subfield><subfield code="d">Kalamazoo.</subfield></datafield><datafield ind1="1" ind2=" " tag="775"><subfield code="t">Kalamazoo telegraph (Kalamazoo, Mich. : 1857)</subfield><subfield code="w">(DLC)sn 85038711</subfield><subfield code="w">(OCoLC)13440194</subfield></datafield><datafield ind1="1" ind2=" " tag="775"><subfield code="t">Kalamazoo weekly telegraph</subfield><subfield code="w">(DLC)sn 83016314</subfield><subfield code="w">(OCoLC)9714285</subfield></datafield><datafield ind1="1" ind2=" " tag="775"><subfield code="t">Kalamazoo semiweekly telegraph</subfield><subfield code="w">(DLC)sn 96077104</subfield><subfield code="w">(OCoLC)35684948</subfield></datafield><datafield ind1="1" ind2=" " tag="776"><subfield code="c">Microfilm</subfield><subfield code="d">New York Public library</subfield><subfield code="w">(DLC)sn 96092710</subfield><subfield code="w">(OCoLC)32784593</subfield></datafield><datafield ind1="1" ind2=" " tag="776"><subfield code="c">Microfilm</subfield><subfield code="d">Western Michigan University, Archives &amp; Regional History Collections</subfield><subfield code="w">(OCoLC)25600891</subfield></datafield><datafield ind1="0" ind2="0" tag="785"><subfield code="t">Kalamazoo evening telegraph</subfield><subfield code="w">(DLC)sn 86063378</subfield><subfield code="w">(OCoLC)13277094</subfield></datafield><datafield ind1=" " ind2=" " tag="938"><subfield code="a">Kirtas Technologies, Inc.</subfield><subfield code="b">KRTS</subfield><subfield code="n">737107</subfield></datafield></record>